@online{testOnline,
	author = {Mustermann, Michael},
	title = {Titel der Onlinequelle},
	year = {2017},
	url = {https://www.example.com/test},
	Keywords = {internet},
	Note = {abgerufen am: 18.06.2017}
}

@book{testBuch,
	Author = {Nachname, Vorname and Nachname2, Vorname2 and Nachname3, Vorname3},
	Keywords = {literatur},
	Publisher = {Verlag},
	Title = {Beispiel-Buch},
	Isbn = {0-1234596},
	Year = {2001}}
